<record><leader>00000cas a22000007a 4500</leader><controlfield tag="001">14509618</controlfield><controlfield tag="008">861023c19469999txuwr ne      0    0eng d</controlfield><datafield ind1=" " ind2=" " tag="010"><subfield code="a">sn 86089739 </subfield></datafield><datafield ind1=" " ind2=" " tag="040"><subfield code="a">PPM</subfield><subfield code="b">eng</subfield><subfield code="c">PPM</subfield><subfield code="d">DLC</subfield><subfield code="d">PPM</subfield><subfield code="d">OBN</subfield><subfield code="d">OCLCQ</subfield><subfield code="d">OCLCF</subfield><subfield code="d">OCLCO</subfield></datafield><datafield ind1=" " ind2=" " tag="019"><subfield code="a">994448860</subfield></datafield><datafield ind1="1" ind2=" " tag="029"><subfield code="a">AU@</subfield><subfield code="b">000025841439</subfield></datafield><datafield ind1=" " ind2=" " tag="042"><subfield code="a">msc</subfield></datafield><datafield ind1="0" ind2="0" tag="245"><subfield code="a">Jacksboro gazette-news.</subfield></datafield><datafield ind1="3" ind2=" " tag="246"><subfield code="a">Jacksboro gazette news</subfield></datafield><datafield ind1="3" ind2=" " tag="246"><subfield code="a">Jacksboro gazette</subfield></datafield><datafield ind1=" " ind2=" " tag="260"><subfield code="a">Jacksboro, Tex. :</subfield><subfield code="b">A.C. Reading</subfield></datafield><datafield ind1=" " ind2=" " tag="300"><subfield code="a">v. :</subfield><subfield code="b">ill.</subfield></datafield><datafield ind1=" " ind2=" " tag="310"><subfield code="a">Weekly</subfield></datafield><datafield ind1="0" ind2=" " tag="362"><subfield code="a">Vol. 66, no. 47 (May 2, 1946)-</subfield></datafield><datafield ind1=" " ind2=" " tag="515"><subfield code="a">Continues numbering of the Jacksboro gazette.</subfield></datafield><datafield ind1=" " ind2=" " tag="530"><subfield code="a">Available on microfilm from the University of Texas at Austin, Center for American History.</subfield></datafield><datafield ind1=" " ind2="0" tag="651"><subfield code="a">Jacksboro (Tex.)</subfield><subfield code="v">Newspapers.</subfield></datafield><datafield ind1=" " ind2="0" tag="651"><subfield code="a">Jack County (Tex.)</subfield><subfield code="v">Newspapers.</subfield></datafield><datafield ind1=" " ind2="7" tag="655"><subfield code="a">Newspapers.</subfield><subfield code="2">fast</subfield><subfield code="0">(OCoLC)fst01423814</subfield></datafield><datafield ind1=" " ind2="7" tag="651"><subfield code="a">Texas</subfield><subfield code="z">Jack County.</subfield><subfield code="2">fast</subfield><subfield code="0">(OCoLC)fst01213606</subfield></datafield><datafield ind1=" " ind2="7" tag="651"><subfield code="a">Texas</subfield><subfield code="z">Jacksboro.</subfield><subfield code="2">fast</subfield><subfield code="0">(OCoLC)fst01221834</subfield></datafield><datafield ind1=" " ind2=" " tag="752"><subfield code="a">United States</subfield><subfield code="b">Texas</subfield><subfield code="c">Jack</subfield><subfield code="d">Jacksboro.</subfield></datafield><datafield ind1="0" ind2=" " tag="775"><subfield code="t">Jack County herald</subfield><subfield code="w">(DLC)sn 87090783</subfield></datafield><datafield ind1="0" ind2="4" tag="780"><subfield code="t">Jacksboro gazette</subfield><subfield code="w">(DLC)sn 86064217</subfield></datafield><datafield ind1="0" ind2="4" tag="780"><subfield code="t">Jacksboro news</subfield><subfield code="w">(DLC)sn 86089750</subfield></datafield></record>